<record><leader>00000cas a2200000   4500</leader><controlfield tag="001">4941706</controlfield><controlfield tag="008">790508d19531980ctumr ne      0   a0eng d</controlfield><datafield ind1=" " ind2=" " tag="010"><subfield code="a">sn 83002121 </subfield></datafield><datafield ind1=" " ind2=" " tag="040"><subfield code="a">NYG</subfield><subfield code="b">eng</subfield><subfield code="c">NYG</subfield><subfield code="d">NSD</subfield><subfield code="d">RCS</subfield><subfield code="d">NSD</subfield><subfield code="d">OCL</subfield><subfield code="d">NLM</subfield><subfield code="d">OCLCQ</subfield><subfield code="d">OCLCO</subfield><subfield code="d">HUL</subfield><subfield code="d">DLC</subfield><subfield code="d">MUL</subfield></datafield><datafield ind1=" " ind2=" " tag="012"><subfield code="b">3</subfield><subfield code="j">0</subfield><subfield code="k">1</subfield><subfield code="m">d</subfield></datafield><datafield ind1="7" ind2=" " tag="016"><subfield code="a">N35020000</subfield><subfield code="2">DNLM</subfield></datafield><datafield ind1="7" ind2=" " tag="016"><subfield code="a">16410070R</subfield><subfield code="2">DNLM</subfield></datafield><datafield ind1=" " ind2=" " tag="019"><subfield code="a">2255111</subfield></datafield><datafield ind1="1" ind2=" " tag="022"><subfield code="a">0029-652X</subfield><subfield code="l">0029-652X</subfield><subfield code="2">1</subfield></datafield><datafield ind1="1" ind2=" " tag="029"><subfield code="a">AU@</subfield><subfield code="b">000020264564</subfield></datafield><datafield ind1="1" ind2=" " tag="029"><subfield code="a">NLM</subfield><subfield code="b">16410070R</subfield></datafield><datafield ind1=" " ind2=" " tag="030"><subfield code="a">NNCNAD</subfield></datafield><datafield ind1=" " ind2=" " tag="037"><subfield code="b">Connecticut Nurses' Association, One Prestige Drive, Meriden, CT  06450</subfield></datafield><datafield ind1=" " ind2=" " tag="042"><subfield code="a">nsdp</subfield></datafield><datafield ind1="0" ind2="0" tag="060"><subfield code="a">W1</subfield><subfield code="b">CO712</subfield></datafield><datafield ind1=" " ind2=" " tag="092"><subfield code="a">610.7305</subfield><subfield code="b">fN9735ne</subfield></datafield><datafield ind1=" " ind2="0" tag="222"><subfield code="a">Nursing news</subfield><subfield code="b">(Meriden, Conn.)</subfield></datafield><datafield ind1="0" ind2="0" tag="245"><subfield code="a">Nursing news.</subfield></datafield><datafield ind1=" " ind2=" " tag="260"><subfield code="a">Meriden, Conn.,</subfield><subfield code="b">Connecticut Nurses' Association.</subfield></datafield><datafield ind1=" " ind2=" " tag="300"><subfield code="a">v.</subfield><subfield code="b">ill.</subfield><subfield code="c">37 cm.</subfield></datafield><datafield ind1=" " ind2=" " tag="310"><subfield code="a">Monthly</subfield></datafield><datafield ind1="0" ind2=" " tag="362"><subfield code="a">v. 26, no. 6-53, no. 7; June 1953-1980.</subfield></datafield><datafield ind1=" " ind2=" " tag="500"><subfield code="a">"The one voice for nursing."</subfield></datafield><datafield ind1="2" ind2=" " tag="710"><subfield code="a">Connecticut Nurses' Association.</subfield></datafield><datafield ind1="0" ind2="0" tag="780"><subfield code="t">Connecticut nursing news</subfield></datafield><datafield ind1="0" ind2="0" tag="785"><subfield code="t">Connecticut nursing news (Meriden, Conn. : 1980)</subfield><subfield code="x">0278-4092</subfield><subfield code="w">(OCoLC)7819960</subfield></datafield><datafield ind1=" " ind2=" " tag="936"><subfield code="a">Jan. 1980 (surrogate)</subfield></datafield></record>